<record><leader>00000cas a22000007a 4500</leader><controlfield tag="001">12796562</controlfield><controlfield tag="008">851114d19161984iauwr ne      0    0eng d</controlfield><datafield ind1=" " ind2=" " tag="010"><subfield code="a">sn 85050962 </subfield></datafield><datafield ind1=" " ind2=" " tag="040"><subfield code="a">INP</subfield><subfield code="b">eng</subfield><subfield code="c">INP</subfield><subfield code="d">NSD</subfield><subfield code="d">OCLCQ</subfield></datafield><datafield ind1=" " ind2=" " tag="042"><subfield code="a">msc</subfield></datafield><datafield ind1="0" ind2="0" tag="245"><subfield code="a">Adair County free press and the Greenfield transcript.</subfield></datafield><datafield ind1="3" ind2="0" tag="246"><subfield code="a">Adair County free press</subfield></datafield><datafield ind1="1" ind2="7" tag="246"><subfield code="a">Free press and the transcript</subfield><subfield code="f">Sept. 8, 1916-Nov. 10, 1927</subfield></datafield><datafield ind1="1" ind2="7" tag="246"><subfield code="a">Free press, Greenfield, Iowa</subfield><subfield code="f">Nov. 17, 1927-Feb. 5, 1975</subfield></datafield><datafield ind1=" " ind2=" " tag="260"><subfield code="a">Greenfield, Iowa :</subfield><subfield code="b">E.J. Sidey,</subfield><subfield code="c">1916-1984.</subfield></datafield><datafield ind1=" " ind2=" " tag="300"><subfield code="a">68 v. :</subfield><subfield code="b">ill. ;</subfield><subfield code="c">53 cm.</subfield></datafield><datafield ind1=" " ind2=" " tag="310"><subfield code="a">Weekly,</subfield><subfield code="b">Jan. 11, 1917-Feb. 15, 1984</subfield></datafield><datafield ind1=" " ind2=" " tag="321"><subfield code="a">Semiweekly,</subfield><subfield code="b">Sept. 5, 1916-Jan. 4, 1917</subfield></datafield><datafield ind1="0" ind2=" " tag="362"><subfield code="a">Vol. 27, no. 49 (Sept. 5, 1916)-v. 94, no. 38 (Feb. 15, 1984).</subfield></datafield><datafield ind1=" " ind2=" " tag="500"><subfield code="a">Greenfield centennial edition issued Aug. 30, 1956; bicentennial edition issued June 30, 1976.</subfield></datafield><datafield ind1=" " ind2=" " tag="500"><subfield code="a">Publisher varies.</subfield></datafield><datafield ind1=" " ind2=" " tag="500"><subfield code="a">Official paper of Adair County.</subfield></datafield><datafield ind1=" " ind2=" " tag="515"><subfield code="a">Occasional issues misnumbered and misdated.</subfield></datafield><datafield ind1=" " ind2=" " tag="752"><subfield code="a">United States</subfield><subfield code="b">Iowa</subfield><subfield code="c">Adair</subfield><subfield code="d">Greenfield.</subfield></datafield><datafield ind1="0" ind2="4" tag="780"><subfield code="t">Adair County free press (Greenfield, Iowa : 1907)</subfield><subfield code="w">(DLC)sn 87057383</subfield></datafield><datafield ind1="0" ind2="4" tag="780"><subfield code="t">Greenfield transcript</subfield><subfield code="w">(DLC)sn 84038193</subfield></datafield><datafield ind1="0" ind2="0" tag="785"><subfield code="t">Adair County free press (Greenfield, Iowa : 1984)</subfield><subfield code="x">1072-7523</subfield><subfield code="w">(DLC)sn 85050963</subfield></datafield></record>